@misc{sakurai1995modern,
	title={Modern quantum mechanics, revised edition},
	author={Sakurai, Jun John and Commins, Eugene D},
	year={1995},
	publisher={American Association of Physics Teachers}
},
@mastersthesis{Bose,
	title={玻色性杂质模型的数值研究},
	author={蔡旭锋},
	school={华中科技大学},
	year={2021},
	month={5},
	language={chinese}
	
}